<record><leader>00000cas a2200000 a 4500</leader><controlfield tag="001">12072875</controlfield><controlfield tag="008">850523d19621968ksuwr ne      0   a0eng d</controlfield><datafield ind1=" " ind2=" " tag="010"><subfield code="a">sn 85030591 </subfield></datafield><datafield ind1=" " ind2=" " tag="040"><subfield code="a">KSH</subfield><subfield code="b">eng</subfield><subfield code="c">KSH</subfield><subfield code="d">NPT</subfield><subfield code="d">OCL</subfield><subfield code="d">OCLCQ</subfield></datafield><datafield ind1=" " ind2=" " tag="042"><subfield code="a">msc</subfield></datafield><datafield ind1="0" ind2="4" tag="245"><subfield code="a">The Mullinville comet.</subfield></datafield><datafield ind1=" " ind2=" " tag="260"><subfield code="a">Kinsley, Kan. :</subfield><subfield code="b">Billie D. [Noland],</subfield><subfield code="c">1962-1968.</subfield></datafield><datafield ind1=" " ind2=" " tag="300"><subfield code="a">6 v. :</subfield><subfield code="b">ill. ;</subfield><subfield code="c">46-58 cm.</subfield></datafield><datafield ind1=" " ind2=" " tag="310"><subfield code="a">Weekly</subfield></datafield><datafield ind1="0" ind2=" " tag="362"><subfield code="a">Vol. 1, no. 1 (Feb. 1, 1962)-v. 6, no. 51 (Jan. 11, 1968).</subfield></datafield><datafield ind1=" " ind2=" " tag="500"><subfield code="a">Published by Bill &amp; Ethelyn Noland, Mar. 29, 1962-Jan. 11, 1968.</subfield></datafield><datafield ind1=" " ind2=" " tag="515"><subfield code="a">Numbering is irregular.</subfield></datafield><datafield ind1=" " ind2=" " tag="752"><subfield code="a">United States</subfield><subfield code="b">Kansas</subfield><subfield code="c">Edwards</subfield><subfield code="d">Kinsley.</subfield></datafield><datafield ind1="0" ind2="0" tag="780"><subfield code="t">Mullinville news</subfield><subfield code="w">(DLC)sn 85030904</subfield></datafield></record>